@book{asml,
      title     = "Att skriva med ljus",
      author    = "Gardfors, Jansson, Olsson",
      year      = 2020,
      publisher = "Makadam",
      address   = "GÃ¶teborg"
    }